@String(AAAI = {Proc. AAAI. Conf. Artif. Intell.})
@String(AAAIw = {Proc. AAAI. Conf. Artif. Intell. Workshops})
@String(ACCV  = {Asian Conf. Comp. Vis.})
@String(ACL = {Proc. Assoc. Comp. Ling.})
@String(ACMMM = {ACM Int. Conf. Multimedia})
@String(BMVC = {Proc. Brit. Mach. Vis. Conf.})
@String(CGF  = {Comput. Graph. Forum})
@String(CSVT = {IEEE Trans. Circuit Syst. Video Technol.})
@String(CVIU = {Comp. Vis. and Image Under.})
@String(CVM = {Computational Visual Media})
@String(CVPR= {Proc. IEEE Conf. Comput. Vis. Pattern Recognit.})
@String(CVPRw= {Proc. IEEE Conf. Comput. Vis. Pattern Recognit. Workshops})
@String(ECCV= {Proc. Eur. Conf. Comput. Vis.})
@String(EMNLP = {Proc. Conf. on Empir. Meth. in Natural Lang. Proc.})
@String(ICASSP = {ICASSP})
@String(ICCV = {Proc. Int. Conf. Comput. Vis.})
@String(ICCVw = {Proc. Int. Conf. Comput. Vis. Workshops})
@String(ICIP = {IEEE Int. Conf. Image Process.})
@String(ICLR = {Proc. Int. Conf. Learn. Representations})
@String(ICLRw = {Proc. Int. Conf. Learn. Representations Workshops})
@String(ICME = {Int. Conf. Multimedia and Expo.})
@String(ICML = {Proc. Int. Conf. Mach. Learn.})
@String(ICMR = {ACM Int. Conf. Multimedia Retri.})
@String(ICPR = {Int. Conf. Pattern Recog.})
@String(IJCAI = {IJCAI})
@String(IJCV = {Int. J. Comput. Vis.})
@String(JCST  = {J. Comput. Sci. Tech.})
@String(JMLR = {J. Mach. Learn. Research})
@String(JOV	 = {J. Vis.})
@String(NAACL = {Proc. North Americ. Chap. Assoc. Comput. Ling.})
@String(NIPS= {Proc. Conf. Neural Inf. Process. Syst.})
@String(NIPSW= {Proc. Conf. Neural Inf. Process. Syst. Workshops})
@String(PAMI = {IEEE Trans. Pattern Anal. Mach. Intell.})
@String(PR   = {Pat. Recog.})
@String(SIGIR = {Proc. ACM SIGIR Conf. Research \& Development Inf. Retrieval})
@String(TACL = {Trans. of the Assoc. for Comp. Ling.})
@String(TIP  = {IEEE Trans. Image Process.})
@String(TMM  = {IEEE Trans. Multimedia})
@String(TNNLS = {IEEE Trans. Neural Net. and Learn. Sys.})
@String(TOG = {ACM Trans. Graph.})
@String(TVC  = {The Vis. Comput.})
@String(TVCG  = {IEEE Trans. Vis. Comput. Graph.})
@String(VR   = {Vis. Res.})


@InProceedings{advrank,
	title={Adversarial Ranking Attack and Defense},
	author={Zhou, Mo and Niu, Zhenxing and Wang, Le and Zhang, Qilin and Hua, Gang},
	booktitle = ECCV,
	year={2020},
	pages={781--799},
}

@inproceedings{robrank,
	title={Adversarial Attack and Defense in Deep Ranking},
	author={Mo Zhou and Le Wang and Zhenxing Niu and Qilin Zhang and Nanning Zheng and Gang Hua},
	booktitle={arXiv preprint 2106.03614},
	year={2021},
}

@inproceedings{advorder,
	title={Practical Relative Order Attack in Deep Ranking},
	author={Zhou, Mo and Wang, Le and Niu, Zhenxing and Zhang, Qilin and Xu,
	   	Yinghui and Zheng, Nanning and Hua, Gang},
	booktitle = ICCV,
	year={2021},
}

@inproceedings{revisiting,
  title={Revisiting training strategies and generalization performance in deep metric learning},
  author={Roth, Karsten and Milbich, Timo and Sinha, Samarth and Gupta, Prateek and Ommer, Bjorn and Cohen, Joseph Paul},
  booktitle=ICML,
  pages={8242--8252},
  year={2020},
}


@inproceedings{facenet,
  title={Facenet: A unified embedding for face recognition and clustering},
  author={Schroff, Florian and Kalenichenko, Dmitry and Philbin, James},
  booktitle=CVPR,
  pages={815--823},
  year={2015}
}

@inproceedings{imagesim2,
  title={Learning fine-grained image similarity with deep ranking},
  author={Wang, Jiang and Song, Yang and Leung, Thomas and Rosenberg, Chuck and Wang, Jingbin and Philbin, James and Chen, Bo and Wu, Ying},
  booktitle=CVPR,
  pages={1386--1393},
  year={2014}
}

@inproceedings{madry,
  title={Towards deep learning models resistant to adversarial attacks},
  author={Madry, Aleksander and Makelov, Aleksandar and Schmidt, Ludwig and Tsipras, Dimitris and Vladu, Adrian},
  booktitle=ICLR,
  year={2018}
}

@inproceedings{freeat,
 author = {Shafahi, Ali and Najibi, Mahyar and Ghiasi, Mohammad Amin and Xu, Zheng and Dickerson, John and Studer, Christoph and Davis, Larry S and Taylor, Gavin and Goldstein, Tom},
 booktitle = NIPS,
 title = {Adversarial training for free!},
 year = {2019}
}

@inproceedings{fastat,
title={Fast is better than free: Revisiting adversarial training},
author={Eric Wong and Leslie Rice and J. Zico Kolter},
booktitle=ICLR,
year={2020},
}

@inproceedings{l-bfgs,
  title={Intriguing properties of neural networks},
  author={Szegedy, Christian and Zaremba, Wojciech and Sutskever, Ilya and Bruna, Joan and Erhan, Dumitru and Goodfellow, Ian and Fergus, Rob},
  booktitle=ICLR,
  year={2014}
}

@inproceedings{fgsm,
  title={Explaining and harnessing adversarial examples},
  author={Goodfellow, Ian J and Shlens, Jonathon and Szegedy, Christian},
  booktitle=ICLR,
  year={2015}
}

@inproceedings{i-fgsm,
  title={Adversarial examples in the physical world},
  author={Kurakin, Alexey and Goodfellow, Ian and Bengio, Samy},
  booktitle=ICLRw,
  year={2017}
}

@inproceedings{cw,
  title={Towards evaluating the robustness of neural networks},
  author={Carlini, Nicholas and Wagner, David},
  booktitle={Proc. IEEE Symposium on Security and Privacy},
  pages={39--57},
  year={2017},
}


@inproceedings{apgd,
  title={Reliable evaluation of adversarial robustness with an ensemble of diverse parameter-free attacks},
  author={Croce, Francesco and Hein, Matthias},
  booktitle=ICML,
  pages={2206--2216},
  year={2020},
}

@inproceedings{obfuscated,
  title={Obfuscated gradients give a false sense of security: Circumventing defenses to adversarial examples},
  author={Athalye, Anish and Carlini, Nicholas and Wagner, David},
  booktitle=ICML,
  pages={274--283},
  year={2018},
}

@inproceedings{adaptive,
 author = {Tramer, Florian and Carlini, Nicholas and Brendel, Wieland and Madry, Aleksander},
 booktitle = NIPS,
 pages = {1633--1645},
 title = {On Adaptive Attacks to Adversarial Example Defenses},
 year = {2020}
}

@inproceedings{ensembleweak,
  title={Adversarial example defense: Ensembles of weak defenses are not strong},
  author={He, Warren and Wei, James and Chen, Xinyun and Carlini, Nicholas and Song, Dawn},
  booktitle={USENIX Workshop on Offensive Technologies},
  pages={15},
  year={2017}
}

@inproceedings{ladderloss,
  title={Ladder Loss for Coherent Visual-Semantic Embedding},
  author={Zhou, Mo and Niu, Zhenxing and Wang, Le and Gao, Zhanning and Zhang, Qilin and Hua, Gang},
  booktitle=AAAI,
  pages={13050--13057},
  year={2020}
}

@inproceedings{di-fgsm,
  title={Improving transferability of adversarial examples with input diversity},
  author={Xie, Cihang and Zhang, Zhishuai and Zhou, Yuyin and Bai, Song and Wang, Jianyu and Ren, Zhou and Yuille, Alan L},
  booktitle=CVPR,
  pages={2730--2739},
  year={2019}
}

@inproceedings{universal,
  title={Universal adversarial perturbations},
  author={Moosavi-Dezfooli, Seyed-Mohsen and Fawzi, Alhussein and Fawzi, Omar and Frossard, Pascal},
  booktitle=CVPR,
  pages={1765--1773},
  year={2017}
}

@inproceedings{nes-atk,
  title={Black-box adversarial attacks with limited queries and information},
  author={Ilyas, Andrew and Engstrom, Logan and Athalye, Anish and Lin, Jessy},
  booktitle=ICML,
  pages={2137--2146},
  year={2018},
}

@inproceedings{spsa-atk,
  title={Adversarial risk and the dangers of evaluating against weak attacks},
  author={Uesato, Jonathan and Oâ€™donoghue, Brendan and Kohli, Pushmeet and Oord, Aaron},
  booktitle=ICML,
  pages={5025--5034},
  year={2018},
}

@inproceedings{distill2,
  title={Distillation as a defense to adversarial perturbations against deep neural networks},
  author={Papernot, Nicolas and McDaniel, Patrick and Wu, Xi and Jha, Somesh and Swami, Ananthram},
  booktitle={Proc. IEEE Symposium on Security and Privacy},
  pages={582--597},
  year={2016},
}

@inproceedings{self-ensemble,
  title={Towards robust neural networks via random self-ensemble},
  author={Liu, Xuanqing and Cheng, Minhao and Zhang, Huan and Hsieh, Cho-Jui},
  booktitle=ECCV,
  pages={369--385},
  year={2018}
}

@inproceedings{deflecting,
  title={Deflecting adversarial attacks with pixel deflection},
  author={Prakash, Aaditya and Moran, Nick and Garber, Solomon and DiLillo, Antonella and Storer, James},
  booktitle=CVPR,
  pages={8571--8580},
  year={2018}
}

@inproceedings{bilateral,
  title={Bilateral adversarial training: Towards fast training of more robust models against adversarial attacks},
  author={Wang, Jianyu and Zhang, Haichao},
  booktitle=ICCV,
  pages={6629--6638},
  year={2019}
}

@inproceedings{advtrain-triplet,
  title={Adversarial Learning with Margin-based Triplet Embedding Regularization},
  author={Zhong, Yaoyao and Deng, Weihong},
  booktitle=ICCV,
  pages={6549--6558},
  year={2019}
}

@InProceedings{benchmarking,
author = {Dong, Yinpeng and Fu, Qi-An and Yang, Xiao and Pang, Tianyu and Su, Hang and Xiao, Zihao and Zhu, Jun},
title = {Benchmarking Adversarial Robustness on Image Classification},
booktitle = CVPR,
pages={321--331},
year = {2020}
}

@InProceedings{domainface,
    author    = {Faraki, Masoud and Yu, Xiang and Tsai, Yi-Hsuan and Suh, Yumin and Chandraker, Manmohan},
    title     = {Cross-Domain Similarity Learning for Face Recognition in Unseen Domains},
    booktitle = CVPR,
    year      = {2021},
    pages     = {15292-15301}
}

@InProceedings{dmlreality,
      title={A Metric Learning Reality Check},
      author={Kevin Musgrave and Serge Belongie and Ser-Nam Lim},
      year={2020},
	  pages={681--699},
	  booktitle=ECCV,
}

@techreport{cub200,
	Title = {Caltech-UCSD Birds 200},
	Author = {P. Welinder and S. Branson and T. Mita and C. Wah and F. Schroff and S. Belongie and P. Perona},
	Institution = {California Institute of Technology},
	Number = {CNS-TR-2010-001},
	Year = {2010}
}

@INPROCEEDINGS{cars196,
  author={Krause, Jonathan and Stark, Michael and Deng, Jia and Fei-Fei, Li},
  booktitle=ICCVw,
  title={3D Object Representations for Fine-Grained Categorization},
  year={2013},
  pages={554-561},
  doi={10.1109/ICCVW.2013.77}
}

@inproceedings{sop,
  title={Deep metric learning via lifted structured feature embedding},
  author={Oh Song, Hyun and Xiang, Yu and Jegelka, Stefanie and Savarese, Silvio},
  booktitle=CVPR,
  pages={4004--4012},
  year={2016}
}

@InProceedings{resnet,
author = {He, Kaiming and Zhang, Xiangyu and Ren, Shaoqing and Sun, Jian},
title = {Deep Residual Learning for Image Recognition},
booktitle = CVPR,
pages={770--778},
year = {2016}
}

@inproceedings{mao2019metric,
  title={Metric learning for adversarial robustness},
  author={Mao, Chengzhi and Zhong, Ziyuan and Yang, Junfeng and Vondrick, Carl and Ray, Baishakhi},
  booktitle=NIPS,
  pages={478--489},
  year={2019}
}

@InProceedings{distance,
author = {Wu, Chao-Yuan and Manmatha, R. and Smola, Alexander J. and Krahenbuhl, Philipp},
title = {Sampling Matters in Deep Embedding Learning},
booktitle=ICCV,
pages={2840--2848},
year = {2017}
}

@inproceedings{adam,
  author={Diederik P. Kingma and Jimmy Ba},
  title={Adam: A Method for Stochastic Optimization},
  year={2015},
  booktitle=ICLR,
}

@inproceedings{qair,
      title={QAIR: Practical Query-efficient Black-Box Attacks for Image Retrieval},
      author={Xiaodan Li and Jinfeng Li and Yuefeng Chen and Shaokai Ye and Yuan He and Shuhui Wang and Hang Su and Hui Xue},
      booktitle=CVPR,
      year={2021},
}

@InProceedings{learn-to-misrank,
author = {Wang, Hongjun and Wang, Guangrun and Li, Ya and Zhang, Dongyu and Lin, Liang},
title = {Transferable, Controllable, and Inconspicuous Adversarial Attacks on Person Re-identification With Deep Mis-Ranking},
booktitle = CVPR,
pages={342--351},
year = {2020}
}

@inproceedings{advdpqn,
  title={Adversarial attack on deep product quantization network for image retrieval},
  author={Feng, Yan and Chen, Bin and Dai, Tao and Xia, Shu-Tao},
  booktitle=AAAI,
  pages={10786--10793},
  year={2020}
}

@inproceedings{advpattern,
  title={AdvPattern: Physical-World Attacks on Deep Person Re-Identification via Adversarially Transformable Patterns},
  author={Wang, Zhibo and Zheng, Siyan and Song, Mengkai and Wang, Qian and Rahimpour, Alireza and Qi, Hairong},
  booktitle=ICCV,
  pages={8341--8350},
  year={2019}
}

@inproceedings{flowertower,
  title={Targeted Mismatch Adversarial Attack: Query With a Flower to Retrieve the Tower},
  author={Tolias, Giorgos and Radenovic, Filip and Chum, Ondrej},
  booktitle=ICCV,
  pages={5037--5046},
  year={2019}
}

@inproceedings{universalret,
  title={Universal perturbation attack against image retrieval},
  author={Li, Jie and Ji, Rongrong and Liu, Hong and Hong, Xiaopeng and Gao, Yue and Tian, Qi},
  booktitle=ICCV,
  pages={4899--4908},
  year={2019}
}

@inproceedings{odds,
title={Robustness May Be at Odds with Accuracy},
author={Dimitris Tsipras and Shibani Santurkar and Logan Engstrom and Alexander Turner and Aleksander Madry},
booktitle=ICLR,
year={2019},
}

@inproceedings{smoothat,
author = {Sitawarin, Chawin and Chakraborty, Supriyo and Wagner, David},
title = {SAT: Improving Adversarial Training via Curriculum-Based Loss Smoothing},
year = {2021},
booktitle = {Proc. of the 14th ACM Workshop on Artificial Intelligence and Security},
pages = {25â€“36},
}

@inproceedings{trades,
  title={Theoretically principled trade-off between robustness and accuracy},
  author={Zhang, Hongyang and Yu, Yaodong and Jiao, Jiantao and Xing, Eric and El Ghaoui, Laurent and Jordan, Michael},
  booktitle=ICML,
  pages={7472--7482},
  year={2019},
}

@inproceedings{overfitting,
  title={Overfitting in adversarially robust deep learning},
  author={Rice, Leslie and Wong, Eric and Kolter, Zico},
  booktitle=ICML,
  pages={8093--8104},
  year={2020},
}

@inproceedings{robustwrn,
    title={Exploring Architectural Ingredients of Adversarially Robust Deep Neural Networks},
    author={Hanxun Huang and Yisen Wang and Sarah Monazam Erfani and Quanquan Gu and James Bailey and Xingjun Ma},
    booktitle=NIPS,
    year={2021}
}

@InProceedings{gowal,
  title={Improving Robustness using Generated Data},
  author={Gowal, Sven and Rebuffi, Sylvestre-Alvise and Wiles, Olivia and Stimberg, Florian and Calian, Dan Andrei and Mann, Timothy},
  booktitle=NIPS,
  year={2021}
}

@inproceedings{weightperturb,
    title={Adversarial Weight Perturbation Helps Robust Generalization},
    author={Dongxian Wu and Shu-Tao Xia and Yisen Wang},
    booktitle=NIPS,
    year={2020}
}

@inproceedings{geometry,
title={Geometry-aware Instance-reweighted Adversarial Training},
author={Jingfeng Zhang and Jianing Zhu and Gang Niu and Bo Han and Masashi Sugiyama and Mohan Kankanhalli},
booktitle=ICLR,
year={2021},
}

@InProceedings{yopo,
author = {Zhang, Dinghuai and Zhang, Tianyuan and Lu, Yiping and Zhu, Zhanxing and Dong, Bin},
title = {You Only Propagate Once: Accelerating Adversarial Training via Maximal Principle},
year = {2019},
booktitle = NIPS,
pages={227--238},
}

@article{onmanifold,
  title={Dual Manifold Adversarial Robustness: Defense against Lp and non-Lp Adversarial Attacks},
  author={Lin, Wei-An and Lau, Chun Pong and Levine, Alexander and Chellappa, Rama and Feizi, Soheil},
  journal={arXiv preprint arXiv:2009.02470},
  year={2020}
}

@inproceedings{bagoftricks,
title={Bag of Tricks for Adversarial Training},
author={Tianyu Pang and Xiao Yang and Yinpeng Dong and Hang Su and Jun Zhu},
booktitle=ICLR,
year={2021},
}

@inproceedings{featurescatter,
    author = {Haichao Zhang and Jianyu Wang},
    title  = {Defense Against Adversarial Attacks Using Feature Scattering-based Adversarial Training},
    booktitle = NIPS,
    year = {2019}
}
