@String(AAAI = {Proc. AAAI. Conf. Artif. Intell.})
@String(AAAIw = {Proc. AAAI. Conf. Artif. Intell. Workshops})
@String(ACCV  = {Asian Conf. Comp. Vis.})
@String(ACL = {Proc. Assoc. Comp. Ling.})
@String(ACMMM = {ACM Int. Conf. Multimedia})
@String(BMVC = {Proc. Brit. Mach. Vis. Conf.})
@String(CGF  = {Comput. Graph. Forum})
@String(CSVT = {IEEE Trans. Circuit Syst. Video Technol.})
@String(CVIU = {Comp. Vis. and Image Under.})
@String(CVM = {Computational Visual Media})
@String(CVPR= {Proc. IEEE Conf. Comput. Vis. Pattern Recognit.})
@String(CVPRw= {Proc. IEEE Conf. Comput. Vis. Pattern Recognit. Workshops})
@String(ECCV= {Proc. Eur. Conf. Comput. Vis.})
@String(EMNLP = {Proc. Conf. on Empir. Meth. in Natural Lang. Proc.})
@String(ICASSP = {ICASSP})
@String(ICCV = {Proc. Int. Conf. Comput. Vis.})
@String(ICCVw = {Proc. Int. Conf. Comput. Vis. Workshops})
@String(ICIP = {IEEE Int. Conf. Image Process.})
@String(ICLR = {Proc. Int. Conf. Learn. Representations})
@String(ICLRw = {Proc. Int. Conf. Learn. Representations Workshops})
@String(ICME = {Int. Conf. Multimedia and Expo.})
@String(ICML = {Proc. Int. Conf. Mach. Learn.})
@String(ICMR = {ACM Int. Conf. Multimedia Retri.})
@String(ICPR = {Int. Conf. Pattern Recog.})
@String(IJCAI = {IJCAI})
@String(IJCV = {Int. J. Comput. Vis.})
@String(JCST  = {J. Comput. Sci. Tech.})
@String(JMLR = {J. Mach. Learn. Research})
@String(JOV	 = {J. Vis.})
@String(NAACL = {Proc. North Americ. Chap. Assoc. Comput. Ling.})
@String(NIPS= {Proc. Conf. Neural Inf. Process. Syst.})
@String(NIPSW= {Proc. Conf. Neural Inf. Process. Syst. Workshops})
@String(PAMI = {IEEE Trans. Pattern Anal. Mach. Intell.})
@String(PR   = {Pat. Recog.})
@String(SIGIR = {Proc. ACM SIGIR Conf. Research \& Development Inf. Retrieval})
@String(TACL = {Trans. of the Assoc. for Comp. Ling.})
@String(TIP  = {IEEE Trans. Image Process.})
@String(TMM  = {IEEE Trans. Multimedia})
@String(TNNLS = {IEEE Trans. Neural Net. and Learn. Sys.})
@String(TOG = {ACM Trans. Graph.})
@String(TVC  = {The Vis. Comput.})
@String(TVCG  = {IEEE Trans. Vis. Comput. Graph.})
@String(VR   = {Vis. Res.})


@InProceedings{advrank,
	title={Adversarial Ranking Attack and Defense},
	author={Zhou, Mo and Niu, Zhenxing and Wang, Le and Zhang, Qilin and Hua, Gang},
	booktitle = ECCV,
	year={2020},
	pages={781--799},
}

@inproceedings{robrank,
	title={Adversarial Attack and Defense in Deep Ranking},
	author={Mo Zhou and Le Wang and Zhenxing Niu and Qilin Zhang and Nanning Zheng and Gang Hua},
	booktitle={arXiv preprint 2106.03614},
	year={2021},
}

@inproceedings{advorder,
	title={Practical Relative Order Attack in Deep Ranking},
	author={Zhou, Mo and Wang, Le and Niu, Zhenxing and Zhang, Qilin and Xu,
	   	Yinghui and Zheng, Nanning and Hua, Gang},
	booktitle = ICCV,
	year={2021},
}

@inproceedings{revisiting,
  title={Revisiting training strategies and generalization performance in deep metric learning},
  author={Roth, Karsten and Milbich, Timo and Sinha, Samarth and Gupta, Prateek and Ommer, Bjorn and Cohen, Joseph Paul},
  booktitle=ICML,
  pages={8242--8252},
  year={2020},
}


@inproceedings{facenet,
  title={Facenet: A unified embedding for face recognition and clustering},
  author={Schroff, Florian and Kalenichenko, Dmitry and Philbin, James},
  booktitle=CVPR,
  pages={815--823},
  year={2015}
}

@inproceedings{imagesim2,
  title={Learning fine-grained image similarity with deep ranking},
  author={Wang, Jiang and Song, Yang and Leung, Thomas and Rosenberg, Chuck and Wang, Jingbin and Philbin, James and Chen, Bo and Wu, Ying},
  booktitle=CVPR,
  pages={1386--1393},
  year={2014}
}

@inproceedings{madry,
  title={Towards deep learning models resistant to adversarial attacks},
  author={Madry, Aleksander and Makelov, Aleksandar and Schmidt, Ludwig and Tsipras, Dimitris and Vladu, Adrian},
  booktitle=ICLR,
  year={2018}
}

@inproceedings{freeat,
 author = {Shafahi, Ali and Najibi, Mahyar and Ghiasi, Mohammad Amin and Xu, Zheng and Dickerson, John and Studer, Christoph and Davis, Larry S and Taylor, Gavin and Goldstein, Tom},
 booktitle = NIPS,
 title = {Adversarial training for free!},
 year = {2019}
}

